<record><leader>00000cas a22000007a 4500</leader><controlfield tag="001">17421780</controlfield><controlfield tag="008">880202d19081920pauwr ne      0    0eng d</controlfield><datafield ind1=" " ind2=" " tag="010"><subfield code="a">sn 88079073 </subfield></datafield><datafield ind1=" " ind2=" " tag="040"><subfield code="a">NPH</subfield><subfield code="b">eng</subfield><subfield code="c">NPH</subfield><subfield code="d">OCLCQ</subfield></datafield><datafield ind1=" " ind2=" " tag="042"><subfield code="a">msc</subfield></datafield><datafield ind1="0" ind2=" " tag="130"><subfield code="a">Monroe record (Stroudsburg, Pa.)</subfield></datafield><datafield ind1="1" ind2="0" tag="245"><subfield code="a">Monroe record.</subfield></datafield><datafield ind1=" " ind2=" " tag="260"><subfield code="a">Stroudsburg, Pa. :</subfield><subfield code="b">Monroe Pub. Co.,</subfield><subfield code="c">1908-1920.</subfield></datafield><datafield ind1=" " ind2=" " tag="300"><subfield code="a">13 v. :</subfield><subfield code="b">ill.</subfield></datafield><datafield ind1=" " ind2=" " tag="310"><subfield code="a">Weekly</subfield></datafield><datafield ind1="0" ind2=" " tag="362"><subfield code="a">Vol. 1, no. 1 (Mar. 5, 1908)-v. 13, no. 17 (June 24, 1920).</subfield></datafield><datafield ind1=" " ind2=" " tag="500"><subfield code="a">Published every Thursday.</subfield></datafield><datafield ind1=" " ind2=" " tag="500"><subfield code="a">Editor: A.F. Everitt.</subfield></datafield><datafield ind1=" " ind2=" " tag="752"><subfield code="a">United States</subfield><subfield code="b">Pennsylvania</subfield><subfield code="c">Monroe</subfield><subfield code="d">Stroudsburg.</subfield></datafield><datafield ind1="0" ind2=" " tag="775"><subfield code="t">Daily record (Stroudsburg, Pa. : 1909)</subfield><subfield code="w">(DLC)sn 87078338</subfield></datafield><datafield ind1="0" ind2="7" tag="785"><subfield code="t">Times-democrat (Stroudsburg, Pa. : Weekly)</subfield><subfield code="w">(DLC)sn 87078057</subfield></datafield><datafield ind1="0" ind2="7" tag="785"><subfield code="t">Monroe record and times-democrat</subfield><subfield code="w">(DLC)sn 87078058</subfield></datafield><datafield ind1="1" ind2=" " tag="029"><subfield code="a">AU@</subfield><subfield code="b">000025787336</subfield></datafield></record>